@article{hartigan1979algorithm,
  title={Algorithm AS 136: A k-means clustering algorithm},
  author={Hartigan, John A and Wong, Manchek A},
  journal={Journal of the royal statistical society. series c (applied statistics)},
  volume={28},
  number={1},
  pages={100--108},
  year={1979},
  publisher={JSTOR}
}

@article{bhanot2015review,
  title={A review and comparative analysis of various encryption algorithms},
  author={Bhanot, Rajdeep and Hans, Rahul},
  journal={International Journal of Security and Its Applications},
  volume={9},
  number={4},
  pages={289--306},
  year={2015}
}

@techreport{jones2015json,
  title={Json web token (jwt) profile for oauth 2.0 client authentication and authorization grants},
  author={Jones, Michael and Campbell, Brain and Mortimore, Chuck},
  year={2015}
}

@book{berezin2012schrodinger,
  title={The Schr{\"o}dinger Equation},
  author={Berezin, Feliks Aleksandrovich and Shubin, Mikhail},
  volume={66},
  year={2012},
  publisher={Springer Science \& Business Media}
}